 @misc{nova, 
 url={http://nova.astrometry.net/}}
 
 @misc{filter, 
 url={http://svo2.cab.inta-csic.es/svo/theory/fps3/index.php?id=SLOAN2FSDSS.g}, 
 year={2020}, 
 month={Dec}
 }
 
 @misc{iso, 
 title={CMD 3.6 input form},
 url={http://stev.oapd.inaf.it/cgi-bin/cmd}
 }
 
 @misc{wiki, 
 title={Messier 15},
 url={https://en.wikipedia.org/wiki/Messier_15}, 
 journal={Wikipedia}, 
 publisher={Wikimedia Foundation}, 
 year={2021}, 
 month={Oct}
 }

 @ARTICLE{dlnpyutils,
  author  = {Nidever, D. L.},
  title   = {dnidever/dlnpyutils},
  doi     = {doi:10.5281/zenodo.5764938}
  }
  
  @ARTICLE{bozepy,
  author  = {Nidever, D. L.},
  title   = {dnidever/bozepy},
  doi     = {doi:10.5281/zenodo.5764931}
  }
  
  @ARTICLE{prometheus,
  author  = {Nidever, D. L.},
  title   = {dnidever/prometheus},
  doi     = {doi:10.5281/zenodo.5639517}
  }